{
  "leader": "03835cam a2200493 i 4500",
  "fields": [
    {
      "001": "ocm23356022\\"
    },
    {
      "003": "OCoLC"
    },
    {
      "005": "20220105154632.0"
    },
    {
      "008": "910226s1991\\\\\\\\enk\\\\\\\\\\\\b\\\\\\\\001\\0\\eng\\\\"
    },
    {
      "010": {
        "ind1": "\\",
        "ind2": "\\",
        "subfields": [
          {
            "a": "   91010900 "
          }
        ]
      }
    },
    {
      "040": {
        "ind1": "\\",
        "ind2": "\\",
        "subfields": [
          {
            "a": "DLC"
          },
          {
            "b": "eng"
          },
          {
            "c": "DLC"
          },
          {
            "d": "UKM"
          },
          {
            "d": "MLX"
          },
          {
            "d": "UBA"
          },
          {
            "d": "EL{dollar}"
          },
          {
            "d": "MUQ"
          },
          {
            "d": "BAKER"
          },
          {
            "d": "NLGGC"
          },
          {
            "d": "BTCTA"
          },
          {
            "d": "YDXCP"
          },
          {
            "d": "CDX"
          },
          {
            "d": "OCLCF"
          },
          {
            "d": "NLE"
          },
          {
            "d": "LMR"
          },
          {
            "d": "UIU"
          },
          {
            "d": "OCLCO"
          },
          {
            "d": "OCLCQ"
          },
          {
            "d": "TULIB"
          },
          {
            "d": "OCLCQ"
          },
          {
            "d": "CSJ"
          },
          {
            "d": "NLC"
          },
          {
            "d": "UKUOY"
          },
          {
            "d": "OCLCQ"
          },
          {
            "d": "TYC"
          },
          {
            "d": "OCLCQ"
          },
          {
            "d": "CNO"
          },
          {
            "d": "MNI"
          },
          {
            "d": "OCLCQ"
          },
          {
            "d": "UKMGB"
          },
          {
            "d": "FWR"
          },
          {
            "d": "OCLCQ"
          },
          {
            "d": "ERD"
          },
          {
            "d": "OCLCQ"
          },
          {
            "d": "UKEHC"
          },
          {
            "d": "ZHC"
          },
          {
            "d": "IL4J6"
          },
          {
            "d": "OCLCO"
          },
          {
            "d": "ZLM"
          },
          {
            "d": "OCLCO"
          },
          {
            "d": "EUX"
          },
          {
            "d": "CSF"
          },
          {
            "d": "SNN"
          },
          {
            "d": "BGU"
          },
          {
            "d": "U3W"
          },
          {
            "d": "U9X"
          }
        ]
      }
    },
    {
      "016": {
        "ind1": "\\",
        "ind2": "\\",
        "subfields": [
          {
            "a": "(AMICUS)000010451441"
          }
        ]
      }
    },
    {
      "016": {
        "ind1": "7",
        "ind2": "\\",
        "subfields": [
          {
            "a": "007787965"
          },
          {
            "2": "Uk"
          }
        ]
      }
    },
    {
      "016": {
        "ind1": "7",
        "ind2": "\\",
        "subfields": [
          {
            "a": "010114205"
          },
          {
            "2": "Uk"
          }
        ]
      }
    },
    {
      "019": {
        "ind1": "\\",
        "ind2": "\\",
        "subfields": [
          {
            "a": "24694061"
          },
          {
            "a": "56926430"
          },
          {
            "a": "777322933"
          },
          {
            "a": "874162777"
          },
          {
            "a": "877554752"
          },
          {
            "a": "944132344"
          },
          {
            "a": "984423080"
          },
          {
            "a": "993372490"
          },
          {
            "a": "1055433809"
          },
          {
            "a": "1082487167"
          },
          {
            "a": "1100922061"
          },
          {
            "a": "1201596663"
          },
          {
            "a": "1201948561"
          },
          {
            "a": "1201981675"
          }
        ]
      }
    },
    {
      "020": {
        "ind1": "\\",
        "ind2": "\\",
        "subfields": [
          {
            "a": "0860913295"
          }
        ]
      }
    },
    {
      "020": {
        "ind1": "\\",
        "ind2": "\\",
        "subfields": [
          {
            "a": "9780860913290"
          }
        ]
      }
    },
    {
      "020": {
        "ind1": "\\",
        "ind2": "\\",
        "subfields": [
          {
            "a": "0860915468"
          },
          {
            "q": "(pbk.)"
          }
        ]
      }
    },
    {
      "020": {
        "ind1": "\\",
        "ind2": "\\",
        "subfields": [
          {
            "a": "9780860915461"
          },
          {
            "q": "(pbk.)"
          }
        ]
      }
    },
    {
      "020": {
        "ind1": "\\",
        "ind2": "\\",
        "subfields": [
          {
            "a": "0860919560"
          }
        ]
      }
    },
    {
      "020": {
        "ind1": "\\",
        "ind2": "\\",
        "subfields": [
          {
            "a": "9780860919568"
          }
        ]
      }
    },
    {
      "035": {
        "ind1": "\\",
        "ind2": "\\",
        "subfields": [
          {
            "a": "(OCoLC)23356022"
          },
          {
            "z": "(OCoLC)24694061"
          },
          {
            "z": "(OCoLC)56926430"
          },
          {
            "z": "(OCoLC)777322933"
          },
          {
            "z": "(OCoLC)874162777"
          },
          {
            "z": "(OCoLC)877554752"
          },
          {
            "z": "(OCoLC)944132344"
          },
          {
            "z": "(OCoLC)984423080"
          },
          {
            "z": "(OCoLC)993372490"
          },
          {
            "z": "(OCoLC)1055433809"
          },
          {
            "z": "(OCoLC)1082487167"
          },
          {
            "z": "(OCoLC)1100922061"
          },
          {
            "z": "(OCoLC)1201596663"
          },
          {
            "z": "(OCoLC)1201948561"
          },
          {
            "z": "(OCoLC)1201981675"
          }
        ]
      }
    },
    {
      "050": {
        "ind1": "0",
        "ind2": "0",
        "subfields": [
          {
            "a": "JC311"
          },
          {
            "b": ".A656 1991"
          }
        ]
      }
    },
    {
      "055": {
        "ind1": "\\",
        "ind2": "1",
        "subfields": [
          {
            "a": "JC311"
          }
        ]
      }
    },
    {
      "080": {
        "ind1": "\\",
        "ind2": "\\",
        "subfields": [
          {
            "a": "323.1"
          }
        ]
      }
    },
    {
      "082": {
        "ind1": "0",
        "ind2": "0",
        "subfields": [
          {
            "a": "320.54"
          },
          {
            "b": "AND"
          }
        ]
      }
    },
    {
      "100": {
        "ind1": "1",
        "ind2": "\\",
        "subfields": [
          {
            "a": "Anderson, Benedict R. O'G."
          },
          {
            "q": "(Benedict Richard O'Gorman),"
          },
          {
            "d": "1936-2015,"
          },
          {
            "e": "author."
          }
        ]
      }
    },
    {
      "245": {
        "ind1": "1",
        "ind2": "0",
        "subfields": [
          {
            "a": "Imagined communities :"
          },
          {
            "b": "reflections on the origin and spread of nationalism /"
          },
          {
            "c": "Benedict Anderson."
          }
        ]
      }
    },
    {
      "250": {
        "ind1": "\\",
        "ind2": "\\",
        "subfields": [
          {
            "a": "Revised and extended edition."
          }
        ]
      }
    },
    {
      "264": {
        "ind1": "\\",
        "ind2": "1",
        "subfields": [
          {
            "a": "London ;"
          },
          {
            "a": "New York :"
          },
          {
            "b": "Verso,"
          },
          {
            "c": "1991."
          }
        ]
      }
    },
    {
      "300": {
        "ind1": "\\",
        "ind2": "\\",
        "subfields": [
          {
            "a": "xv, 224 pages ;"
          },
          {
            "c": "24 cm"
          }
        ]
      }
    },
    {
      "336": {
        "ind1": "\\",
        "ind2": "\\",
        "subfields": [
          {
            "a": "text"
          },
          {
            "b": "txt"
          },
          {
            "2": "rdacontent"
          }
        ]
      }
    },
    {
      "337": {
        "ind1": "\\",
        "ind2": "\\",
        "subfields": [
          {
            "a": "unmediated"
          },
          {
            "b": "n"
          },
          {
            "2": "rdamedia"
          }
        ]
      }
    },
    {
      "338": {
        "ind1": "\\",
        "ind2": "\\",
        "subfields": [
          {
            "a": "volume"
          },
          {
            "b": "nc"
          },
          {
            "2": "rdacarrier"
          }
        ]
      }
    },
    {
      "504": {
        "ind1": "\\",
        "ind2": "\\",
        "subfields": [
          {
            "a": "Includes bibliographical references (pages 207-212) and index."
          }
        ]
      }
    },
    {
      "505": {
        "ind1": "0",
        "ind2": "0",
        "subfields": [
          {
            "t": "Introduction --"
          },
          {
            "t": "Cultural roots --"
          },
          {
            "t": "The origins of national consciousness --"
          },
          {
            "t": "Creole pioneers --"
          },
          {
            "t": "Old languages, new models --"
          },
          {
            "t": "Official nationalism and imperialism --"
          },
          {
            "t": "The last wave --"
          },
          {
            "t": "Patriotism and racism --"
          },
          {
            "t": "The angel of history --"
          },
          {
            "t": "Census, map, museum --"
          },
          {
            "t": "Memory and forgetting."
          }
        ]
      }
    },
    {
      "520": {
        "ind1": "\\",
        "ind2": "\\",
        "subfields": [
          {
            "a": "\"What makes people love and die for nations, as well as hate and kill in their name? While many studies have been written on nationalist political movements, the sense of nationality -- the personal and cultural feeling of belonging to a nation -- has not received proportionate attention. In this widely acclaimed work, Benedict Anderson examines the creation and global spread of the 'imagined communities' of nationality. Anderson explores the processes that created these communities: the territorialization of religious faiths, the decline of antique kingship, the interaction between capitalism and print, the development of vernacular languages-of-state, and changing conceptions of time. He shows how an originary nationalism born in the Americas was modularly adopted by popular movements in Europe, by the imperialist powers, and by the anti-imperialist resistances in Asia and Africa. This revised edition includes two new chapters, one of which discusses the complex role of the colonialist state's mindset in the development of Third World nationalism, while the other analyses the processes by which, all over the world, nations came to imagine themselves as old.\" -- Provided by publisher"
          }
        ]
      }
    },
    {
      "650": {
        "ind1": "\\",
        "ind2": "0",
        "subfields": [
          {
            "a": "Nationalism"
          },
          {
            "x": "History."
          }
        ]
      }
    },
    {
      "650": {
        "ind1": "\\",
        "ind2": "7",
        "subfields": [
          {
            "a": "Nationalism."
          },
          {
            "2": "fast"
          },
          {
            "0": "(OCoLC)fst01033832"
          }
        ]
      }
    },
    {
      "655": {
        "ind1": "\\",
        "ind2": "7",
        "subfields": [
          {
            "a": "History."
          },
          {
            "2": "fast"
          },
          {
            "0": "(OCoLC)fst01411628"
          }
        ]
      }
    },
    {
      "776": {
        "ind1": "0",
        "ind2": "8",
        "subfields": [
          {
            "i": "Online version:"
          },
          {
            "a": "Anderson, Benedict R. O'G. (Benedict Richard O'Gorman), 1936-"
          },
          {
            "t": "Imagined communities."
          },
          {
            "b": "Rev. and extended ed."
          },
          {
            "d": "London ; New York : Verso, 1991"
          },
          {
            "w": "(OCoLC)622923598"
          }
        ]
      }
    },
    {
      "994": {
        "ind1": "\\",
        "ind2": "\\",
        "subfields": [
          {
            "a": "Z0"
          },
          {
            "b": "NYRVC"
          }
        ]
      }
    },
    {
      "948": {
        "ind1": "\\",
        "ind2": "\\",
        "subfields": [
          {
            "h": "NO HOLDINGS IN NYRVC - 1115 OTHER HOLDINGS"
          }
        ]
      }
    },
    {
      "999": {
        "ind1": "\\",
        "ind2": "\\",
        "subfields": [
          {
            "a": "00000000017214"
          }
        ]
      }
    }
  ]
}